@InProceedings{lahiri:2014:SRW,
  author    = {Lahiri, Shibamouli},
  title     = {{Complexity of Word Collocation Networks: A Preliminary Structural Analysis}},
  month     = {4},
  year      = {2014},
  address   = {Gothenburg, Sweden},
  pages     = {96--105},
}

 @misc{gutenberg, 
    url={www.gutenberg.org}, 
    title={Project Gutenberg}
} 

 @misc{spacy, 
    url={www.spacy.io}, 
    title={spaCy: Industrial-Strength Natural Language Processing in Python}
} 

 @misc{commoncrawl, 
    url={www.commoncrawl.org}, 
    title={Common Crawl}
} 

 @misc{glovesite, 
    url={https://nlp.stanford.edu/projects/glove/}, 
    title={GloVe: Global Vectors for Word Representation}
} 

 @misc{pgdataset, 
    url={https://web.eecs.umich.edu/~lahiri/gutenberg_dataset.html}, 
    title={GloVe: Global Vectors for Word Representation}
} 



@inproceedings{pennington2014GloVe,
  author = {Jeffrey Pennington and Richard Socher and Christopher D. Manning},
  booktitle = {Empirical Methods in Natural Language Processing (EMNLP)},
  title = {GloVe: Global Vectors for Word Representation},
  year = {2014},
  pages = {1532--1543},
}

@inproceedings{gupta2019,
author = {Gupta, Shriya TP and Sahoo, Jajati Keshari and Roul, Rajendra Kumar},
title = {Authorship Identification Using Recurrent Neural Networks},
year = {2019},
address = {New York, NY, USA},
booktitle = {Proceedings of the 2019 3rd International Conference on Information System and Data Mining},
pages = {133â€“137},
numpages = {5},
location = {Houston, TX, USA},
series = {ICISDM 2019}
}

@article{binongo1999,
    author = {Binongo, JNG and Smith, MWA},
    title = "{The application of principal component analysis to stylometry}",
    journal = {Literary and Linguistic Computing},
    volume = {14},
    number = {4},
    pages = {445-466},
    year = {1999},
    month = {12},
    issn = {0268-1145},
    doi = {10.1093/llc/14.4.445},
}
